@article{knuth1984,
  author  = {Donald E. Knuth},
  title   = {Literate Programming},
  journal = {The Computer Journal},
  year    = {1984},
  volume  = {27},
  number  = {2},
  pages   = {97--111}
}
@book{meyer2012,
  author    = {Bertrand Meyer},
  title     = {Object-Oriented Software Construction},
  year      = {2012},
  publisher = {Springer},
  edition   = {2}
}
